@misc{typescript,
 author = "Microsoft",
 year = "2023",
 title = "Type{S}cript",
 url = "https://www.typescriptlang.org/",
 note = "Приступљено 25.5.2023."
}

@misc{angular,
 author = "Google",
 year = "2023",
 title = "Angular",
 url = "https://angular.io/",
 note = "Приступљено 25.5.2023."
}

@misc{java,
 author = "Oracle",
 year = "2023",
 title = "Java",
 url = "https://www.java.com/",
 note = "Приступљено 25.5.2023."
}

@misc{spring,
 author = "Spring",
 year = "2023",
 title = "Spring {F}ramework",
 url = "https://spring.io/",
 note = "Приступљено 25.5.2023."
}

@misc{hibernate,
 year = "2023",
 title = "Hibernate",
 url = "https://hibernate.org/",
 note = "Приступљено 25.5.2023."
}

@misc{mysql,
 author = "Oracle",
 year = "2023",
 title = "My{SQL}",
 url = "https://www.mysql.com/",
 note = "Приступљено 25.5.2023."
}
